%% This BibTeX bibliography file was created using BibDesk.
%% http://bibdesk.sourceforge.net/


%% Created for Camille Roth at 2015-03-05 22:53:15 +0100 


%% Saved with string encoding Unicode (UTF-8) 



@inproceedings{Simmons11,
	Author = {Matthew P. Simmons and Lada A. Adamic and Eytan Adar},
	Booktitle = {Proc. 5th {ICWSM} - {AAAI} {I}ntl {C}onf {W}eblogs \& {S}ocial {M}edia},
	Date-Added = {2015-03-05 21:51:00 +0000},
	Date-Modified = {2015-03-05 21:51:10 +0000},
	Pages = {353--360},
	Title = {Memes Online: Extracted, Substracted, Injected and Recollected},
	Year = {2011}}

@inproceedings{Cointet09,
	Author = {Jean-Philippe Cointet and Camille Roth},
	Booktitle = {Proc. {IEEE} 4th {I}ntl. {C}onf. {S}ocial {C}omputing},
	Date-Added = {2015-03-05 21:48:30 +0000},
	Date-Modified = {2015-03-05 21:49:26 +0000},
	Pages = {114--121},
	Title = {Socio-semantic dynamics in a blog network},
	Year = {2009}}

@inproceedings{Leskovec09,
	Author = {Jure Leskovec and Lars Backstrom and Jon Kleinberg},
	Booktitle = {Proc. {ACM} {SIGKDD'09} 15th Intl. Conf. on Knowledge Discovery and Data Mining},
	Date-Added = {2015-03-05 21:47:43 +0000},
	Date-Modified = {2015-03-05 21:48:02 +0000},
	Pages = {497--506},
	Title = {Meme-tracking and the Dynamics of the News Cycle},
	Year = {2009}}

@article{Zevin02,
	Author = {Zevin, J.D. and Seidenberg, M.S.},
	Date-Added = {2013-01-25 14:28:14 +0000},
	Date-Modified = {2015-03-05 21:52:09 +0000},
	Journal = {Journal of Memory and Language},
	Number = {1},
	Pages = {1--29},
	Publisher = {Elsevier},
	Title = {Age of acquisition effects in word reading and other tasks},
	Volume = {47},
	Year = {2002}}

@book{Bird09,
	Author = {Bird, S. and Klein, E. and Loper, E.},
	Date-Added = {2013-01-25 14:28:08 +0000},
	Date-Modified = {2013-01-25 14:28:08 +0000},
	Publisher = {O'Reilly Media, Incorporated},
	Title = {Natural language processing with Python},
	Year = {2009}}

@misc{Weide98,
	Author = {Weide, RL},
	Date-Added = {2013-01-25 14:28:03 +0000},
	Date-Modified = {2015-03-05 21:51:35 +0000},
	Publisher = {Carnegie Mellon University},
	Title = {The {CMU} pronunciation dictionary, release 0.6},
	Year = {1998}}

@article{Kuperman12,
	Author = {Kuperman, V. and Stadthagen-Gonzalez, H. and Brysbaert, M.},
	Date-Added = {2013-01-25 14:27:57 +0000},
	Date-Modified = {2013-01-25 14:27:57 +0000},
	Journal = {Behavior Research Methods},
	Title = {Age-of-acquisition ratings for 30 thousand {E}nglish words},
	Year = {2012}}

@article{nick-diss,
	Author = {Nickels, Lyndsey and Howard, David},
	Date-Added = {2013-01-25 14:24:11 +0000},
	Date-Modified = {2015-03-05 21:50:24 +0000},
	Journal = {Cognitive Neuropsychology},
	Number = {1},
	Pages = {57-78},
	Title = {Dissociating Effects of Number of Phonemes, Number of Syllables, and Syllabic Complexity on Word Production in Aphasia: It's the Number of Phonemes that Counts},
	Volume = {21},
	Year = {2004},
	Bdsk-Url-1 = {http://www.tandfonline.com/doi/abs/10.1080/02643290342000122},
	Bdsk-Url-2 = {http://dx.doi.org/10.1080/02643290342000122}}

@article{watt-coll,
	Author = {Duncan J. Watts and Steven H. Strogatz},
	Date-Added = {2013-01-24 17:36:50 +0000},
	Date-Modified = {2013-01-24 17:36:50 +0000},
	Journal = {Nature},
	Pages = {440--442},
	Title = {Collective dynamics of 'small-world' networks},
	Volume = 393,
	Year = 1998}

@article{free:set,
	Author = {Linton C. Freeman},
	Date-Added = {2013-01-24 17:32:18 +0000},
	Date-Modified = {2013-01-24 17:32:18 +0000},
	Journal = {Sociometry},
	Pages = {35--41},
	Title = {A set of measures of centrality based on betweenness},
	Volume = 40,
	Year = 1977}

@inproceedings{omod-mult,
	Author = {Elisa Omodei and Thierry Poibeau and Jean-Philippe Cointet},
	Booktitle = {Proc. ASE/IEEE 4th Intl. Conf. on Social Computing ``SocialCom 2012''},
	Date-Added = {2013-01-22 12:55:40 +0000},
	Date-Modified = {2013-01-22 12:55:40 +0000},
	Title = {Multi-Level Modeling of Quotation Families Morphogenesis},
	Year = {2012}}

@book{sper:expl,
	Author = {Sperber, Dan},
	Date-Added = {2012-11-21 11:45:59 +0000},
	Date-Modified = {2012-11-21 11:45:59 +0000},
	Publisher = {Oxford: Blackwell Publishers},
	Title = {Explaining Culture: A Naturalistic Approach},
	Year = 1996}

@article{Claidiere07,
	Author = {Claidi{\`e}re, Nicolas and Sperber, Dan},
	Date-Modified = {2015-03-05 21:53:15 +0000},
	Journal = {{Journal of Cognition and Culture}},
	Number = {1},
	Pages = {89--111},
	Title = {{The role of cultural attraction in cultural evolution}},
	Volume = {7},
	Year = {{2007}}}

@inproceedings{Leskovec09-old,
	Author = {Leskovec, Jure and Backstrom, Lars and Kleinberg, Jon},
	Date-Modified = {2015-03-05 21:47:52 +0000},
	Journal = {{KDD'09}},
	Number = {{June 28-July 1}},
	Pages = {497-505},
	Tags = {news cycle, memes, blogs},
	Title = {{Meme-tracking and the Dynamics of the News Cycle}},
	Year = {{2009}}}

@article{Romney96,
	Author = {Romney, A. Kimball and Boyd, John P. and Moore, Carmella C. and Batchelder, William H. and Brazill, Timothy J.},
	Journal = {{Proc. Natl. Acad. Sci. USA}},
	Pages = {4699-4705},
	Tags = {cognitive representation, semantic cluster},
	Title = {{Culture as shared cognitive representations}},
	Volume = {{93}},
	Year = {{1996}}}

@techreport{RothWebfluence09,
	Author = {Roth, Camille},
	Institution = {{ANR, CNRS}},
	Tags = {social network, influence, authority},
	Title = {{Compte-rendu final du projet Webfluence}},
	Year = {{2009}}}

@misc{RothICCS11,
	Author = {Roth, Camille},
	Howpublished = {{ICCS 2011 Conference}},
	Tags = {social network, transformation},
	Title = {{Socio-semantic Networks - A perspective on social cognition}},
	Year = {{2011}}}

@inproceedings{Simmons11-old,
	Author = {Simmons, Matthew and Adamic, Lada and Adar, Eytan},
	Booktitle = {{Proceedings of the Fifth International AAAI Conference on Weblogs and Social Media}},
	Date-Modified = {2015-03-05 21:51:07 +0000},
	Editor = {Nicolov, Nicolas and Shanahan, James G.},
	Organisation = {{Association for the Advancement of Artificial Intelligence}},
	Publisher = {{The AAAI Press}},
	Tags = {memes, quotations, transformation, blogs},
	Title = {{Memes Online: Extracted, Subtracted, Injected, and Recollected}},
	Year = {{2011}}}

@article{Whiten05,
	Author = {Whiten, Andrew and Horner, Victoria and de Wall, Frans B. M.},
	Doi = {{10.1038/nature04047}},
	Journal = {{Nature}},
	Pages = {737-740},
	Tags = {chimpanzee, culture, norms, (anti-)conformism, transmission},
	Title = {{Conformity to cultural norms of tool use in chimpanzees}},
	Volume = {{437}},
	Year = {{2005}},
	Bdsk-Url-1 = {http://dx.doi.org/10.1038/nature04047%7D}}

@inproceedings{Gruhl04,
	Author = {Gruhl, Daniel and Guha, R. and Liben-Nowell, David and Tomkins, Andrew},
	Booktitle = {{Proceedings of the 13th International World Wide Web Conference (WWW'04)}},
	Pages = {491-501},
	Title = {{Information Diffusion Through Blogspace}},
	Year = {{2004}}}

@article{Bonhomme2009,
	Author = {Bonhomme, Julien},
	Tags = {transmission, transformation, influence, rumour},
	Title = {{Alerte aux voleurs de sexe ! Anthropologie pragmatique d'une rumeur africaine}},
	Year = {{2009}}}

@article{Atran03,
	Author = {Atran, Scott},
	Journal = {{L'Homme}},
	Number = {{2}},
	Pages = {107-143},
	Tags = {cognitive anthropology, cultural epidemiology, evolution, norms, natural selection},
	Title = {{Th{\'e}orie cognitive de la culture}},
	Volume = {{166}},
	Year = {{2003}}}

@article{Kirby01,
	Author = {Kirby, S.},
	Doi = {{10.1109/4235.918430}},
	Journal = {{IEEE Transactions on Evolutionary Computation}},
	Number = {{2}},
	Pages = {102-110},
	Title = {{Spontaneous evolution of linguistic structure-an iterated learning model of the emergence of regularity and irregularity}},
	Volume = {{5}},
	Year = {{2001}},
	Bdsk-Url-1 = {http://dx.doi.org/10.1109/4235.918430%7D}}

@article{Griffiths07,
	Author = {Griffiths, Thomas L and Steyvers, Mark and Firl, Alana},
	Date-Modified = {2015-03-05 21:50:00 +0000},
	Journal = {{Psychol Sci}},
	Number = {{12}},
	Pages = {1069-76},
	Title = {{Google and the mind: predicting fluency with PageRank.}},
	Volume = {{18}},
	Year = {{2007}}}

@article{Goldin-Meadow99,
	Author = {Goldin-Meadow, Susan},
	Doi = {{10.1016/S1364-6613(99)01397-2}},
	Journal = {{Trends in Cognitive Sciences}},
	Number = {{11}},
	Pages = {419-429},
	Title = {{The role of gesture in communication and thinking}},
	Volume = {{3}},
	Year = {{1999}},
	Bdsk-Url-1 = {http://dx.doi.org/10.1016/S1364-6613(99)01397-2%7D}}

@article{Staller01,
	Author = {Staller, Alexander and Petta, Paola},
	Journal = {{Journal of Artificial Societies and Social Simulation}},
	Number = {{1}},
	Title = {{Introducing Emotions into the Computational Study of Social Norms: A First Evaluation}},
	Volume = {{4}},
	Year = {{2001}}}

@article{Atran98,
	Author = {Atran, Scott},
	Journal = {{Behavioral and Brain Sciences}},
	Number = {{4}},
	Pages = {547-569},
	Title = {{Folk biology and the anthropology of science: Cognitive universals and cognitive particulars}},
	Volume = {{21}},
	Year = {{1998}}}

@incollection{Bloch00,
	Author = {Bloch, Maurice},
	Booktitle = {{Darwinizing Culture: The Status of Memetics as a Science}},
	Chapter = {{10}},
	Editor = {Aunger, Robert},
	Pages = {189-203},
	Publisher = {{Oxford University Press}},
	Title = {{A well-disposed social anthropologist's problems with memes}},
	Year = {{2000}}}

@incollection{Sperber00,
	Author = {Sperber, Dan},
	Booktitle = {{Darwinizing Culture: The Status of Memetics as a Science}},
	Chapter = {{8}},
	Editor = {Aunger, Robert},
	Pages = {169-179},
	Publisher = {{Oxford University Press}},
	Title = {{An objection to the memetic approach to culture}},
	Year = {{2000}}}

@incollection{Kuper00,
	Author = {Kuper, Adam},
	Booktitle = {{Darwinizing Culture: The Status of Memetics as a Science}},
	Editor = {Aunger, Robert},
	Pages = {180-193},
	Publisher = {{Oxford University Press}},
	Title = {{If memes are the answer, what is the question?}},
	Year = {{2000}}}

@inproceedings{Conte00,
	Author = {Conte, Rosaria},
	Booktitle = {{Darwinizing Culture: The Status of Memetics as a Science}},
	Editor = {Aunger, Robert},
	Pages = {91-127},
	Publisher = {{Oxford University Press}},
	Title = {{Memes through (social) minds}},
	Year = {{2000}}}

@book{Berthoz03,
	Author = {Berthoz, Alain},
	Publisher = {{Paris : Odile Jacob}},
	Title = {{La D{\'e}cision}},
	Year = {{2003}}}

@book{Sperber96,
	Author = {Sperber, Dan},
	Publisher = {{Paris : Odile Jacob}},
	Title = {{La Contagion des Id{\'e}es}},
	Year = {{1996}}}

@book{Boyd85,
	Author = {Boyd, Robert and Richerson, Peter J.},
	Publisher = {{University of Chicago Press}},
	Title = {{Culture and the Evolutionary Process}},
	Year = {{1985}}}

@book{Boyd05,
	Author = {Boyd, Richard and Richerson, Peter J.},
	Publisher = {{Oxford University Press}},
	Title = {{The Origin and Evolution of Cultures}},
	Year = {{2005}}}

@book{Richerson04,
	Author = {Richerson, Peter J. and Boyd, Robert},
	Publisher = {{University of Chicago Press}},
	Title = {{Not By Genes Alone: How Culture Transformed Human Evolution}},
	Year = {{2004}}}

@article{Colby03,
	Author = {Colby, Benjamin N.},
	Journal = {{UC Los Angeles: Human Complex Systems}},
	Title = {{Toward a Theory of Culture and Adaptive Potential}},
	Year = {{2003}}}

@inbook{Dawkins76,
	Author = {Dawkins, Richard},
	Chapter = {{11}},
	Note = {{"Memes: The New Replicator"}},
	Pages = {189-201},
	Publisher = {{Oxford University Press}},
	Title = {{The Selfish Gene}},
	Year = {{1976}}}

@article{Ehrlich05,
	Author = {Ehrlich, Paul R and Levin, Simon A},
	Doi = {{10.1371/journal.pbio.0030194}},
	Journal = {{PLoS Biol.}},
	Number = {{6}},
	Pages = {e194},
	Pmid = {{15941355}},
	Title = {{The evolution of norms.}},
	Volume = {{3}},
	Year = {{2005}},
	Bdsk-Url-1 = {http://dx.doi.org/10.1371/journal.pbio.0030194%7D}}

@incollection{Gigerenzer03,
	Author = {Gigerenzer, Gerd},
	Booktitle = {{Observation and experiment in the natural and social sciences (Boston Studies in the Philosophy of Science)}},
	Editor = {Galavotti, M. C.},
	Pages = {99-139},
	Publisher = {{Dordrecht: Kluwer}},
	Title = {{Where do new ideas come from? A heuristics of discovery in the cognitive sciences}},
	Year = {{2003}}}

@article{Henrich04,
	Author = {Henrich, Joseph},
	Doi = {{10.1016/S0167-2681(03)00094-5}},
	Journal = {{Journal of Economic Behavior & Organization}},
	Number = {{1}},
	Pages = {3-35},
	Title = {{Cultural group selection, coevolutionary processes and large-scale cooperation}},
	Volume = {{53}},
	Year = {{2004}},
	Bdsk-Url-1 = {http://dx.doi.org/10.1016/S0167-2681(03)00094-5%7D}}

@article{Henrich08,
	Author = {Henrich, Joseph and Boyd, Robert and Richerson, Peter J.},
	Doi = {{10.1007/s12110-008-9037-1}},
	Journal = {{Human Nature}},
	Number = {{2}},
	Pages = {119-137},
	Title = {{Five Misunderstandings About Cultural Evolution}},
	Volume = {{19}},
	Year = {{2008}},
	Bdsk-Url-1 = {http://dx.doi.org/10.1007/s12110-008-9037-1%7D}}

@article{Heylighen97,
	Author = {Heylighen, Francis},
	Journal = {{Evolution and Cognition}},
	Number = {{1}},
	Pages = {63-67},
	Title = {{Objective, subjective and intersubjective selectors of knowledge}},
	Url = {{http://cogprints.org/313/}},
	Volume = {{3}},
	Year = {{1997}},
	Bdsk-Url-1 = {%7Bhttp://cogprints.org/313/%7D}}

@article{Lane05,
	Author = {Lane, David A. and Maxfield, Robert R.},
	Doi = {{10.1007/s00191-004-0227-7}},
	Journal = {{Journal of Evolutionary Economics}},
	Number = {{1}},
	Pages = {3-50},
	Title = {{Ontological uncertainty and innovation}},
	Volume = {{15}},
	Year = {{2005}},
	Bdsk-Url-1 = {http://dx.doi.org/10.1007/s00191-004-0227-7%7D}}

@article{Lenclud98,
	Author = {Lenclud, G{\'e}rard},
	Doi = {{10.3406/comm.1998.2009}},
	Journal = {{Communications}},
	Number = {{1}},
	Pages = {165-183},
	Title = {{La culture s'attrape-t-elle ?}},
	Volume = {{66}},
	Year = {{1998}},
	Bdsk-Url-1 = {http://dx.doi.org/10.3406/comm.1998.2009%7D}}

@article{Machery05,
	Author = {Machery, Edouard},
	Doi = {{10.1086/498473}},
	Journal = {{Philosophy of Science}},
	Number = {{3}},
	Pages = {444-467},
	Title = {{Concepts Are Not a Natural Kind}},
	Volume = {{72}},
	Year = {{2005}},
	Bdsk-Url-1 = {http://dx.doi.org/10.1086/498473%7D}}

@article{Mesoudi04,
	Author = {Mesoudi, Alex and Whiten, Andrew and Laland, Kevin N.},
	Doi = {{10.1111/j.0014-3820.2004.tb01568.x}},
	Journal = {{Evolution}},
	Number = {{1}},
	Pages = {1-11},
	Title = {{Perspective: Is Human Cultural Evolution Darwinian? Evidence Reviewed from the Perspective of The Origin of Species}},
	Volume = {{58}},
	Year = {{2004}},
	Bdsk-Url-1 = {http://dx.doi.org/10.1111/j.0014-3820.2004.tb01568.x%7D}}

@article{Parasie12,
	Author = {Parasie, Sylvain and Cointet, Jean-Philippe},
	Doi = {{10.3917/rfsp.621.0045}},
	Journal = {{Revue fran{\c c}aise de science politique}},
	Number = {{1}},
	Pages = {45-70},
	Title = {{La presse en ligne au service de la d{\'e}mocratie locale}},
	Volume = {{62}},
	Year = {{2012}},
	Bdsk-Url-1 = {http://dx.doi.org/10.3917/rfsp.621.0045%7D}}

@article{Sperber04,
	Author = {Sperber, Dan and Hirschfeld, Lawrence A.},
	Doi = {{10.1016/j.tics.2003.11.002}},
	Journal = {{Trends in Cognitive Sciences}},
	Number = {{1}},
	Pages = {40-46},
	Title = {{The cognitive foundations of cultural stability and diversity}},
	Volume = {{8}},
	Year = {{2004}},
	Bdsk-Url-1 = {http://dx.doi.org/10.1016/j.tics.2003.11.002%7D}}

@article{Henrich02,
	Author = {Henrich, Joseph and Boyd, Robert},
	Doi = {{10.1163/156853702320281836}},
	Journal = {{Journal of Cognition and Culture}},
	Number = {{2}},
	Pages = {87-112},
	Title = {{On Modeling Cognition and Culture: Why cultural evolution does not require replication of representations}},
	Volume = {{2}},
	Year = {{2002}},
	Bdsk-Url-1 = {http://dx.doi.org/10.1163/156853702320281836%7D}}

@incollection{Giere02,
	Author = {Giere, Ronald},
	Booktitle = {{The Cognitive Basis of Science}},
	Editor = {Carruthers, Peter and Stich, Stephen and Siegal, Michael},
	Pages = {285-299},
	Publisher = {{Cambridge University Press}},
	Title = {{Scientific cognition as distributed cognition}},
	Year = {{2002}}}

@article{Nakamaru04,
	Author = {Nakamaru, Mayuko and Levin, Simon A},
	Doi = {{10.1016/j.jtbi.2004.04.028}},
	Journal = {{J. Theor. Biol.}},
	Number = {{1}},
	Pages = {57-64},
	Pmid = {{15276000}},
	Title = {{Spread of two linked social norms on complex interaction networks.}},
	Volume = {{230}},
	Year = {{2004}},
	Bdsk-Url-1 = {http://dx.doi.org/10.1016/j.jtbi.2004.04.028%7D}}

@incollection{Kitcher94,
	Author = {Kitcher, Philip},
	Booktitle = {{Socializing epistemology: The social dimensions of knowledge}},
	Editor = {Schmitt, Frederick F.},
	Pages = {111-134},
	Publisher = {{Rowman & Littlefield}},
	Title = {{Contrasting conceptions of social epistemology}},
	Year = {{1994}}}

@article{Handwerker02,
	Author = {Handwerker, W. Penn},
	Doi = {{10.1525/aa.2002.104.1.106}},
	Journal = {{American Anthropologist}},
	Number = {{1}},
	Pages = {106-122},
	Title = {{The Construct Validity of Cultures: Cultural Diversity, Culture Theory, and a Method for Ethnography}},
	Volume = {{104}},
	Year = {{2002}},
	Bdsk-Url-1 = {http://dx.doi.org/10.1525/aa.2002.104.1.106%7D}}

@article{Read01,
	Author = {Read, Dwight W.},
	Journal = {{UC Los Angeles: Human Complex Systems}},
	Title = {{Cultural Construct + Instantiation = Constructed Reality}},
	Year = {{2001}}}

@incollection{Steyvers08,
	Author = {Steyvers, Mark and Griffiths, Thomas L.},
	Booktitle = {{The Probabilistic Mind: Prospects from Rational Models of Cognition}},
	Editor = {Chater, Nick and Oaksford, Mike},
	Pages = {329-350},
	Publisher = {{Oxford University Press}},
	Title = {{Rational Analysis as a Link between Human Memory and Information Retrieval}},
	Year = {{2008}}}

@article{Chan10,
	Author = {Chan, Kit Ying and Vitevitch, Michael S},
	Date-Modified = {2015-03-05 21:52:45 +0000},
	Journal = {{Cogn Sci}},
	Number = {{4}},
	Pages = {685-97},
	Title = {{Network structure influences speech production.}},
	Volume = {{34}},
	Year = {{2010}}}

@article{Steyvers05,
	Author = {Steyvers, Mark and Tenenbaum, Joshua B},
	Doi = {{10.1207/s15516709cog2901_3}},
	Journal = {{Cogn Sci}},
	Number = {{1}},
	Pages = {41-78},
	Pmid = {{21702767}},
	Title = {{The large-scale structure of semantic networks: statistical analyses and a model of semantic growth.}},
	Volume = {{29}},
	Year = {{2005}},
	Bdsk-Url-1 = {http://dx.doi.org/10.1207/s15516709cog2901_3%7D}}

@inproceedings{Bakshy11,
	Author = {Bakshy, Eytan and Hofman, Jake M. and Mason, Winter A. and Watts, Duncan J.},
	Booktitle = {{Proceedings of the fourth ACM international conference on Web search and data mining - WSDM '11}},
	Doi = {{10.1145/1935826.1935845}},
	Pages = {65-74},
	Title = {{Everyone's an influencer: Quantifying Influence on Twitter}},
	Year = {{2011}},
	Bdsk-Url-1 = {http://dx.doi.org/10.1145/1935826.1935845%7D}}

@inproceedings{Backstrom11,
	Author = {Backstrom, Lars and Bakshy, Eytan and Kleinberg, Jon M. and Lento, Thomas M. and Rosenn, Itamar},
	Booktitle = {{Proceedings of the Fifth International AAAI Conference on Weblogs and Social Media}},
	Editor = {Nicolov, Nicolas and Shanahan, James G.},
	Organisation = {{Association for the Advancement of Artificial Intelligence}},
	Publisher = {{The AAAI Press}},
	Title = {{Center of Attention: How Facebook Users Allocate Attention across Friends}},
	Year = {{2011}}}

@inproceedings{Bakshy09,
	Author = {Bakshy, Eytan and Karrer, Brian and Adamic, Lada A.},
	Booktitle = {{Proceedings of the tenth ACM conference on Electronic commerce - EC '09}},
	Doi = {{10.1145/1566374.1566421}},
	Pages = {325-334},
	Title = {{Social influence and the diffusion of user-created content}},
	Year = {{2009}},
	Bdsk-Url-1 = {http://dx.doi.org/10.1145/1566374.1566421%7D}}

@techreport{Page99,
	Abstract = {{The importance of a Web page is an inherently subjective matter, which depends on the readers interests, knowledge and attitudes. But there is still much that can be said objectively about the relative importance of Web pages. This paper describes PageRank, a mathod for rating Web pages objectively and mechanically, effectively measuring the human interest and attention devoted to them. We compare PageRank to an idealized random Web surfer. We show how to efficiently compute PageRank for large numbers of pages. And, we show how to apply PageRank to search and to user navigation.}},
	Author = {Page, Lawrence and Brin, Sergey and Motwani, Rajeev and Winograd, Terry},
	Date-Modified = {2015-03-05 21:50:39 +0000},
	Month = {{November}},
	Number = {{1999-66}},
	Title = {{The PageRank Citation Ranking: Bringing Order to the Web.}},
	Year = {{1999}},
	Bdsk-Url-1 = {%7Bhttp://ilpubs.stanford.edu:8090/422/%7D}}

@misc{Cosmides97,
	Author = {Cosmides, Leda and Tooby, John},
	Howpublished = {{http://www.psych.ucsb.edu/research/cep/primer.html}},
	Title = {{Evolutionary Psychology: A Primer}},
	Year = {{1997}}}

@book{Aunger00,
	Address = {Oxford},
	Date-Modified = {2013-01-24 17:39:39 +0000},
	Editor = {Aunger, Robert},
	Publisher = {{Oxford University Press}},
	Title = {{Darwinizing Culture: The Status of Memetics as a Science}},
	Year = {{2000}}}

@article{Lieberman07,
	Author = {Lieberman, Erez and Michel, Jean-Baptiste and Jackson, Joe and Tang, Tina and Nowak, Martin A},
	Doi = {{10.1038/nature06137}},
	Journal = {{Nature}},
	Number = {{7163}},
	Pages = {713-6},
	Pmid = {{17928859}},
	Title = {{Quantifying the evolutionary dynamics of language.}},
	Volume = {{449}},
	Year = {{2007}},
	Bdsk-Url-1 = {http://dx.doi.org/10.1038/nature06137%7D}}

@inproceedings{Bakshy12,
	Author = {Bakshy, Eytan and Rosenn, Itamar and Marlow, Cameron and Adamic, Lada},
	Booktitle = {{ Proceedings of ACM WWW 2012}},
	Title = {{The Role of Social Networks in Information Diffusion}},
	Year = {{2012}}}

@inproceedings{Jurgens12,
	Author = {Jurgens, David and Tsai-Ching Lu},
	Booktitle = {{Proceedings of the Sixth International AAAI Conference on Weblogs and Social Media}},
	Organisation = {{Association for the Advancement of Artificial Intelligence}},
	Publisher = {{The AAAI Press}},
	Title = {{Temporal Motifs Reveal the Dynamics of Editor Interactions in Wikipedia}},
	Year = {{2012}}}

@misc{Leskovec09-url,
	Author = {Leskovec, Jure and Backstrom, Lars and Kleinberg, Jon},
	Howpublished = {{\url{http://memetracker.org/}}},
	Note = {{Retrieved on August 19, 2012}},
	Title = {{MemeTracker: tracking news phrase over the web}},
	Year = {{2009}}}

@manual{Santorini90,
	Author = {Santorini, Beatrice},
	Edition = {{3rd revision, 2nd printing}},
	Title = {{Part-of-Speech Tagging Guidelines for the Penn Treebank Project}},
	Year = {{1990}}}

@misc{WordNet10,
	Author = {WordNet},
	Howpublished = {{\url{http://wordnet.princeton.edu}}},
	Note = {{Retrieved on August 19, 2012}},
	Title = {{Princeton University "About WordNet."}},
	Year = {{2010}}}

@misc{NTLK12,
	Author = {NLTK},
	Howpublished = {{\url{http://nltk.org/}}},
	Note = {{Visit{\'e} le 19.08.2012}},
	Title = {{Natural Language Processing Toolkit}}}

@inproceedings{Schmid94,
	Address = {{Manchester, UK}},
	Author = {Schmid, Helmut},
	Booktitle = {{Proceedings of International Conference on New Methods in Language Processing}},
	Title = {{Probabilistic Part-of-Speech Tagging Using Decision Trees}},
	Year = {{1994}}}

@inproceedings{Schmid95,
	Address = {{Dublin, Ireland}},
	Author = {Schmid, Helmut},
	Booktitle = {{Proceedings of the ACL SIGDAT-Workshop}},
	Title = {{Improvements in Part-of-Speech Tagging with an Application to German}},
	Year = {{1995}}}

@misc{Pointal,
	Author = {Pointal, Laurent},
	Howpublished = {{\url{http://perso.limsi.fr/Individu/pointal/doku.php?id=dev:treetaggerwrapper}}},
	Note = {{Visit{\'e} le 19.08.2012 ; r{\'e}vision 20}},
	Title = {{TreeTaggerWrapper}}}

@inproceedings{Cointet09-old,
	Author = {Cointet, Jean-Philippe and Roth, Camille},
	Booktitle = {{2009 International Conference on Computational Science and Engineering}},
	Date-Modified = {2015-03-05 21:48:26 +0000},
	Doi = {{10.1109/CSE.2009.105}},
	Pages = {114-121},
	Title = {{Socio-semantic Dynamics in a Blog Network}},
	Year = {{2009}},
	Bdsk-Url-1 = {http://dx.doi.org/10.1109/CSE.2009.105%7D}}

@article{Beckage10,
	Author = {Beckage, Nicole M. and Smith, Linda B. and Hills, Thomas},
	Title = {{Semantic Network Connectivity is Related to Vocabulary Growth Rate in Children}},
	Year = {{2010}}}

@article{Borge-Holtho10,
	Author = {Borge-Holthoefer, Javier and Arenas, Alex},
	Doi = {{10.3390/e12051264}},
	Journal = {{Entropy}},
	Number = {{5}},
	Pages = {1264-1302},
	Title = {{Semantic Networks: Structure and Dynamics}},
	Volume = {{12}},
	Year = {{2010}},
	Bdsk-Url-1 = {http://dx.doi.org/10.3390/e12051264%7D}}

@article{Troyer97,
	Author = {Troyer, Angela K. and Moscovitch, Morris and Winocur, Gordon},
	Doi = {{10.1037/0894-4105.11.1.138}},
	Journal = {{Neuropsychology}},
	Number = {{1}},
	Pages = {138-146},
	Title = {{Clustering and switching as two components of verbal fluency: Evidence from younger and older healthy adults.}},
	Volume = {{11}},
	Year = {{1997}},
	Bdsk-Url-1 = {http://dx.doi.org/10.1037/0894-4105.11.1.138%7D}}

@article{Nelson04,
	Author = {Nelson, D.L. and McEvoy, C.L. and Schreiber, T.A.},
	Journal = {Behavior Research Methods},
	Number = {3},
	Pages = {402--407},
	Publisher = {Springer},
	Title = {The University of South Florida free association, rhyme, and word fragment norms},
	Volume = {36},
	Year = {2004}}

@article{Yonelinas02,
	Author = {Yonelinas, A.P.},
	Date-Modified = {2015-03-05 21:52:00 +0000},
	Journal = {Journal of Memory and Language},
	Number = {3},
	Pages = {441--517},
	Publisher = {Elsevier},
	Title = {The nature of recollection and familiarity: A review of 30 years of research},
	Volume = {46},
	Year = {2002}}

@article{Rey98,
	Author = {Rey, A. and Jacobs, A.M. and Schmidt-Weigand, F. and Ziegler, J.C.},
	Journal = {Cognition},
	Number = {3},
	Pages = {B71--B80},
	Publisher = {Elsevier},
	Title = {A phoneme effect in visual word recognition},
	Volume = {68},
	Year = {1998}}

@article{collins1975spreading,
	Author = {Collins, Allan M and Loftus, Elizabeth F},
	Journal = {Psychological review},
	Number = {6},
	Pages = {407},
	Publisher = {American Psychological Association},
	Title = {A spreading-activation theory of semantic processing},
	Volume = {82},
	Year = {1975}}

@article{gregg1976word,
	Author = {Gregg, Vernon},
	Publisher = {John Wiley \& Sons},
	Title = {Word frequency, recognition and recall.},
	Year = {1976}}

@article{morrison1995roles,
	Author = {Morrison, Catriona M and Ellis, Andrew W},
	Journal = {Journal of Experimental Psychology: Learning, Memory, and Cognition},
	Number = {1},
	Pages = {116},
	Publisher = {American Psychological Association},
	Title = {Roles of word frequency and age of acquisition in word naming and lexical decision.},
	Volume = {21},
	Year = {1995}}

@article{dewhurst1998separate,
	Author = {Dewhurst, Stephen A and Hitch, Graham J and Barry, Christopher},
	Journal = {Journal of Experimental Psychology: Learning, Memory, and Cognition},
	Number = {2},
	Pages = {284},
	Publisher = {American Psychological Association},
	Title = {Separate effects of word frequency and age of acquisition in recognition and recall.},
	Volume = {24},
	Year = {1998}}

@article{claidiere2014darwinian,
	Author = {Claidi{\`e}re, Nicolas and Scott-Phillips, Thomas C and Sperber, Dan},
	Journal = {Philosophical Transactions of the Royal Society B: Biological Sciences},
	Number = {1642},
	Pages = {20130368},
	Publisher = {The Royal Society},
	Title = {How Darwinian is cultural evolution?},
	Volume = {369},
	Year = {2014}}

@article{claidiere2009imitation,
	Author = {Claidi{\`e}re, Nicolas and Sperber, Dan},
	Journal = {Proceedings of the Royal Society B: Biological Sciences},
	Pages = {rspb20091615},
	Publisher = {The Royal Society},
	Title = {Imitation explains the propagation, not the stability of animal culture},
	Year = {2009}}

@article{claidiere2012effect,
	Author = {Claidi{\`e}re, Nicolas and Kirby, Simon and Sperber, Dan},
	Journal = {Proceedings of the National Academy of Sciences of the United States of America},
	Number = {51},
	Pages = {E3526},
	Publisher = {National Academy of Sciences},
	Title = {Effect of psychological bias separates cultural from biological evolution},
	Volume = {109},
	Year = {2012}}

@article{maccallum2012evolution,
	Author = {MacCallum, Robert M and Mauch, Matthias and Burt, Austin and Leroi, Armand M},
	Journal = {Proceedings of the National Academy of Sciences},
	Number = {30},
	Pages = {12081--12086},
	Publisher = {National Acad Sciences},
	Title = {Evolution of music by public choice},
	Volume = {109},
	Year = {2012}}

@inproceedings{austerweil2012human,
	Author = {Austerweil, Joseph L and Abbott, Joshua T and Griffiths, Thomas L},
	Booktitle = {Advances in Neural Information Processing Systems},
	Pages = {3041--3049},
	Title = {Human memory search as a random walk in a semantic network},
	Year = {2012}}

@article{nelson2013activation,
	Author = {Nelson, Douglas L and Kitto, Kirsty and Galea, David and McEvoy, Cathy L and Bruza, Peter D},
	Journal = {Memory \& cognition},
	Number = {6},
	Pages = {797--819},
	Publisher = {Springer},
	Title = {How activation, entanglement, and searching a semantic network contribute to event memory},
	Volume = {41},
	Year = {2013}}
